@Article{finitefield,
    author={Weisstein, Eric W.},
    title={Finite Field},
    journal={MathWorld -- A Wolfram Web Resource},
    year={2017},
    month={Dec},
    day={18},
    url={http://mathworld.wolfram.com/FiniteField.html},
}
