@Article{primitive,
    author={Weisstein, Eric W.},
    title={Primitive Polynomial},
    journal={MathWorld -- A Wolfram Web Resource},
    year={2017},
    month={Dec},
    day={18},
    url={http://mathworld.wolfram.com/PrimitivePolynomial.html},
}
